@Misc{jgusite,
author = "{Johannes Gutenberg-Universität Mainz}",
note = "\url{http://www.uni-mainz.de/}",
month = "November",
year = "2014",
language = "ngerman"
}

@Misc{zdv,
author = "{Zentrum für Datenverarbeitung JGU}",
note = "\url{http://www.zdv.uni-mainz.de/}",
month = "November",
year = "2014",
language = "ngerman"
}